<record><leader>00000cas a2200000 a 4500</leader><controlfield tag="001">49537495</controlfield><controlfield tag="007">hd afb021bucu</controlfield><controlfield tag="007">hd bfb021buau</controlfield><controlfield tag="007">hd bfb021bubu</controlfield><controlfield tag="008">020408d19581961wauwr nea     0    0eng c</controlfield><datafield ind1=" " ind2=" " tag="010"><subfield code="a">  2002252518</subfield></datafield><datafield ind1=" " ind2=" " tag="040"><subfield code="a">WAU</subfield><subfield code="b">eng</subfield><subfield code="c">WAU</subfield><subfield code="d">WAU</subfield><subfield code="d">OCLCQ</subfield><subfield code="d">OCLCF</subfield><subfield code="d">OCLCO</subfield></datafield><datafield ind1="1" ind2=" " tag="029"><subfield code="a">AU@</subfield><subfield code="b">000023484760</subfield></datafield><datafield ind1=" " ind2=" " tag="042"><subfield code="a">pcc</subfield></datafield><datafield ind1=" " ind2=" " tag="043"><subfield code="a">n-us-wa</subfield></datafield><datafield ind1="0" ind2="0" tag="245"><subfield code="a">Edmonds enterprise</subfield><subfield code="h">[microform].</subfield></datafield><datafield ind1="1" ind2="7" tag="246"><subfield code="a">Enterprise</subfield></datafield><datafield ind1=" " ind2=" " tag="260"><subfield code="a">[Lynnwood, Wash. :</subfield><subfield code="b">Enterprise Pub. Co.],</subfield><subfield code="c">1958-1961.</subfield></datafield><datafield ind1=" " ind2=" " tag="300"><subfield code="a">4 v. :</subfield><subfield code="b">ill.</subfield></datafield><datafield ind1=" " ind2=" " tag="310"><subfield code="a">Weekly</subfield></datafield><datafield ind1="0" ind2=" " tag="362"><subfield code="a">Vol. 1, no. 1 (Sept. 24, 1958)-v. 4, no. 9 (Nov. 15, 1961).</subfield></datafield><datafield ind1=" " ind2=" " tag="580"><subfield code="a">Companion vol. to: Mountlake Terrace enterprise; and, Lynnwood enterprise, 1958-1961.</subfield></datafield><datafield ind1=" " ind2=" " tag="580"><subfield code="a">Merged with: Lynnwood enterprise, and Mountlake Terrace enterprise, to form: Enterprise (Lynnwood, Wash.), with special editions for Edmonds, Lynnwood, Mountlake Terrace and Alderwood Manor areas.</subfield></datafield><datafield ind1=" " ind2=" " tag="533"><subfield code="a">Microfilm.</subfield><subfield code="m">v.3:no. 24-v.3:no. 52 (Mar. 24, 1961-Sept. 13, 1961):[Gaps]</subfield><subfield code="b">Seattle, Wash. :</subfield><subfield code="c">Filmed for the University of Washington Libraries,</subfield><subfield code="d">2000.</subfield><subfield code="e">1 microfilm reel ; 35 mm.</subfield><subfield code="n">Filmed with the front pages of Lynnwood enterprise and Mountlake Terrace enterprise for each issue.</subfield></datafield><datafield ind1=" " ind2="0" tag="651"><subfield code="a">Lynnwood (Wash.)</subfield><subfield code="v">Newspapers.</subfield></datafield><datafield ind1=" " ind2="0" tag="651"><subfield code="a">Edmonds (Wash.)</subfield><subfield code="v">Newspapers.</subfield></datafield><datafield ind1=" " ind2="0" tag="651"><subfield code="a">Mountlake Terrace (Wash.)</subfield><subfield code="v">Newspapers.</subfield></datafield><datafield ind1=" " ind2="7" tag="655"><subfield code="a">Newspapers.</subfield><subfield code="2">fast</subfield><subfield code="0">(OCoLC)fst01423814</subfield></datafield><datafield ind1=" " ind2="7" tag="651"><subfield code="a">Washington (State)</subfield><subfield code="z">Edmonds.</subfield><subfield code="2">fast</subfield><subfield code="0">(OCoLC)fst01222509</subfield></datafield><datafield ind1=" " ind2="7" tag="651"><subfield code="a">Washington (State)</subfield><subfield code="z">Lynnwood.</subfield><subfield code="2">fast</subfield><subfield code="0">(OCoLC)fst01227415</subfield></datafield><datafield ind1=" " ind2="7" tag="651"><subfield code="a">Washington (State)</subfield><subfield code="z">Mountlake Terrace.</subfield><subfield code="2">fast</subfield><subfield code="0">(OCoLC)fst01214332</subfield></datafield><datafield ind1=" " ind2=" " tag="752"><subfield code="a">United States</subfield><subfield code="b">Washington</subfield><subfield code="d">Lynnwood.</subfield></datafield><datafield ind1="1" ind2=" " tag="776"><subfield code="c">Original</subfield><subfield code="w">(DLC)sn 88085295</subfield><subfield code="w">(OCoLC)17364257</subfield></datafield><datafield ind1="1" ind2="7" tag="785"><subfield code="t">Lynnwood enterprise</subfield></datafield><datafield ind1="1" ind2="7" tag="785"><subfield code="t">Mountlake Terrace enterprise</subfield></datafield><datafield ind1="1" ind2="7" tag="785"><subfield code="t">Enterprise (Lynnwood, Wash.)</subfield></datafield><datafield ind1="1" ind2=" " tag="787"><subfield code="t">Mountlake Terrace enterprise</subfield></datafield><datafield ind1="1" ind2=" " tag="787"><subfield code="t">Lynnwood enterprise</subfield></datafield><datafield ind1=" " ind2=" " tag="850"><subfield code="a">WaU</subfield><subfield code="a">WaU (Master)</subfield></datafield></record>